%% This BibTeX bibliography file was created using BibDesk.
%% http://bibdesk.sourceforge.net/


%% Created for James Geddes at 2012-10-24 16:24:45 +0100 


%% Saved with string encoding Unicode (UTF-8) 



@misc{ons-chd,
	Author = {{Office for National Statistics}},
	Date-Added = {2012-10-24 10:46:52 +0000},
	Date-Modified = {2012-10-24 11:02:57 +0000},
	Howpublished = {Computer file},
	Keywords = {geography, ons, codes},
	Title = {Code History Database},
	Url = {http://www.ons.gov.uk/ons/guide-method/geography/products/names-codes-and-look-ups/code-history-database},
	Urldate = {2012-10-24}}
